2786 1174
704 0 1005 149 Assisi.
14 209 1989 398 Monument of Hecuba de Lusignan, Queen of Cyprus.
42 366 2034 477 Said to have been made by Fuccio Fiorentino about 1240.
39 485 1968 578 Mr. Perkins thinks that the tomb was made probably
42 577 1403 665 by Lapo, one of Nicolò Pisanos scholars.
137 696 2475 735 It is thought now (1898) that the tomb is that of Maria, princess of
34 813 2718 855 Antioch, daughter of John of Brieune, king of Jerusalem. He died at Constantinople
42 930 2659 992 in 1237 and in 1268 she made over her right to his Kingdom to Carl of Ansor.
60 1037 1638 1119 The arms on the tomb are those of Jerusalem.
