2322 1638
78 85 687 189 British Museum.
57 478 2160 573 This head came from Lord Aberdeen's collection and
59 626 1847 725 was formerly called that of a young Hercules.
36 767 2184 864 In 1886 Wolters discovered that it was Praxitelean.
57 899 2273 1022 Miss Sellers put it by the side of the head of the Hermes
33 1045 2045 1158 of Olympia and found them amazingly similar.
42 1192 2160 1311 The head is of finest Parian marble and has holes
53 1325 2180 1443 in the hair for a wreath. Lechat says that it
56 1451 2183 1596 is brother to the Sphinx of the Akropolis Museum
