627 693
28 17 584 44 The sarcophagus is of solid porphyry; the six supporting columns

22 47 592 41 of the baldachino are inlaid with gold mosaics; at the head

23 79 584 40 of the sarc. an imperial crown in relief, below it a cross patonce

16 119 562 25 inscribed in a circle; at the rear, above a rosette, below a

20 148 207 42 single headed eagle.

27 192 520 16 An old, but contemporary inscription said:

30 221 446 38 Caesaris Henrici latet hic Constantia corpus

54 251 428 33 undeno lustro hac platea rugosa sacerdos

29 288 539 29 Facta dedis parta Fredericum Augusta secundum

44 322 486 44 To meritis sacratam tenes sic ossa Panhormus,

32 352 296 32 Vix. Au LX1. Ubiis MCCIII. M.2.

27 382 314 41 She died in fact in 1198 aged 44.

36 397 342 53 See Villani for the myth about her.

24 476 564 41 The impress Constantia II, the wife of stupor mundi, she died at Catania

20 501 561 52 in 1222, is also buried here, with her was interred a lot of jewels, rings,

23 531 565 46 collars, diadem etc. There, when her tomb was opened in the past century

24 564 556 41 were found in a box other feet together with a lamina with an

24 588 557 52 inscription in rude Latin, but quite legible. She wore garments of

14 613 563 60 Saracenic art. I saw some of these remains in the sacristy of

17 639 164 42 the Duomo in 1892.
