2613 1389
131 67 1720 159 All these sarch. and turns are of alabaster and

124 181 1727 180 come from Chiusi. The town of Palermo bought

115 314 1475 147 the Casuccini collection in 1866.

67 460 2367 180 The relief of the big sarc. represents the farewell of a married pair.

49 595 2486 120 He is Lavth Aphuna, she Aphunei who reclines covered with jewelry

57 738 2464 100 on the lid of the sarc. Awreiged female demon leads her off to the

41 828 2540 112 shades below, while her daughter Thanch (Tanaquit) tries to console

42 966 2191 145 her old father. Others of the family are standing about.

38 1043 2488 149 On the extreme left a fate, called Culice is coming out of the portal

41 1183 1423 134 of Death. See Dennis Vol II. page 316.
