2613 1389
131 67 1851 226 All these sarch. and turns are of alabaster and
124 181 1851 361 come from Chiusi. The town of Palermo bought
115 314 1590 461 the Casuccini collection in 1866.
67 460 2434 640 The relief of the big sarc. represents the farewell of a married pair.
49 595 2535 715 He is Lavth Aphuna, she Aphunei who reclines covered with jewelry
57 738 2521 838 on the lid of the sarc. Awreiged female demon leads her off to the
41 828 2581 940 shades below, while her daughter Thanch (Tanaquit) tries to console
42 966 2233 1111 her old father. Others of the family are standing about.
38 1043 2526 1192 On the extreme left a fate, called Culice is coming out of the portal
41 1183 1464 1317 of Death. See Dennis Vol II. page 316.
