2727 1353
231 105 2199 174 This painted terra cotta Etruscan lady, Larthia Seianti S... (of the family

218 266 2261 147 of Sejanus) was discovered at Chiusi in 1877, brought to Rome and placed

220 364 2272 127 in the Kircherian in 1878 and then removed to the Museum at Florence,

223 495 2306 122 where she now is. She wears a quantity of jewelry: a fillet of flowers with

219 597 2293 107 rubies and emeralds; a girdle studded with rubies; an emerald clasp to her

219 730 2160 121 golden sandals; earrings; a necklace; a brooch with a Medusa's head;

212 832 2327 126 a bracelet and an amulet; and rings in plenty on her left hand in which

209 918 1626 136 she holds a mirror set in a framework of gold.

209 1041 1691 120 The date of this monument is said to be 217 B.C.

213 1111 1433 145 It cost the Government 10,000 fes. only.
