2571 2691
130 -4 2386 199 This is the fine tower built in the 13thcentury by the Frank Dukes
114 139 2353 321 of Athens on the southern wing of the Propylea. I saw it in 1865.
112 278 2539 423 Some 15 years after, it was destroyed by Greeck pedantry, Schliemann
102 437 2430 533 assisting with a subscription. When Stuart saw it in 1752 it was
62 523 1265 680 used by the Turks as a prison.
86 661 2516 794 It was the keep of the fortified palace of these dukes and is if
82 789 2534 910 the same age as the tower of Marco Sanudo in the citadel of Naxos
80 873 2481 1037 and of that of Santonieri (Nicolas de St. Omer) at Phebes say between
100 1013 606 1144 1250 and 1300.
96 1139 2496 1249 It rose to a height of 85 feet above its base, which base was 45 feet
92 1193 1440 1347 below the stylobate of the Parthenon.
89 1327 2529 1458 The top of the tower was not so high as the roof of the Parthenon, but
78 1434 2199 1587 36 feet above the highest point of the Akropolis road.
73 1566 2541 1677 It was far long; 28 1/2 feet long from East to West and 25 1/2 feet wide
69 1665 2525 1843 from North to South. The walls were 5 3/4 ft thick. They consisted of
44 1782 2348 1945 51 layers of big marble stones from the old monements, each
44 1879 1650 2026 layer being above 10 inches in thickness.
34 2045 2540 2217 On the towers North face, high up was a square tourelle putting
25 2190 2494 2331 out and terminating in a vault and a terrace in which the
16 2270 2497 2464 Turks had placed 2 small canons. The entrance was at the
17 2416 2429 2613 vert facing Nike Anteros; the stairs inside were of wood.
