2340 1053
741 41 1522 222 Musée du Louvre.
70 320 1024 461 N.° II. Continuation of Plate I.
90 461 2196 571 An officer 51. or priest has received a kanoun, or dish from
103 569 2239 663 two Kanephori who appear in Plate III. The dish has disappeared.
75 692 2271 815 or he may be giving them some order. He probably held a herald's staff
73 793 722 913 in his right hand.
76 874 2141 1030 The numeration is that of the prieze in the British Museum.
