2958 1407
101 66 1089 169 National Museum Athens.
63 499 2517 619 28. Archaic Sphinx from Spata in Attica of Pentelic marble.
72 652 2567 823 76. Archaic Sphinx found at the Peiraios in 1880. Parian marble.
83 813 2216 931 52. Archaic head of beautiful art. Pentelic marble.
75 936 2862 1093 93. Disk of Parian marble found at the Peiraios in 1889. 11 inches in diam.
68 1069 2898 1206 The painting on it is now almost effaced but once represented a bearded
62 1171 2840 1324 man with an inscription saying: to the memory of Ainios, a wise and
95 1281 602 1363 good doctor.
