627 693
28 17 612 61 The sarcophagus is of solid porphyry; the six supporting columns
22 47 614 88 of the baldachino are inlaid with gold mosaics; at the head
23 79 607 119 of the sarc. an imperial crown in relief, below it a cross patonce
16 119 578 144 inscribed in a circle; at the rear, above a rosette, below a
20 148 227 190 single headed eagle.
27 192 547 208 An old, but contemporary inscription said:
30 221 476 259 Caesaris Henrici latet hic Constantia corpus
54 251 482 284 undeno lustro hac platea rugosa sacerdos
29 288 568 317 Facta dedis parta Fredericum Augusta secundum
44 322 530 366 To meritis sacratam tenes sic ossa Panhormus,
32 352 328 384 Vix. Au LX1. Ubiis MCCIII. M.2.
27 382 341 423 She died in fact in 1198 aged 44.
36 397 378 450 See Villani for the myth about her.
24 476 588 517 The impress Constantia II, the wife of stupor mundi, she died at Catania
20 501 581 553 in 1222, is also buried here, with her was interred a lot of jewels, rings,
23 531 588 577 collars, diadem etc. There, when her tomb was opened in the past century
24 564 580 605 were found in a box other feet together with a lamina with an
24 588 581 640 inscription in rude Latin, but quite legible. She wore garments of
14 613 577 673 Saracenic art. I saw some of these remains in the sacristy of
17 639 181 681 the Duomo in 1892.
